
@inproceedings{feng2018,
 author = {Feng, Yu and Martins, Ruben and Bastani, Osbert and Dillig, Isil},
 title = {Program Synthesis Using Conflict-driven Learning},
 booktitle = {Proceedings of the 39th ACM SIGPLAN Conference on Programming Language Design and Implementation},
 series = {PLDI 2018},
 year = {2018},
 isbn = {978-1-4503-5698-5},
 location = {Philadelphia, PA, USA},
 pages = {420--435},
 numpages = {16},
 url = {http://doi.acm.org/10.1145/3192366.3192382},
 doi = {10.1145/3192366.3192382},
 acmid = {3192382},
 publisher = {ACM},
 address = {New York, NY, USA},
 keywords = {automated reasoning, conflict-driven learning, program synthesis},
}

@inproceedings{ferles2018,
 author = {Ferles, Kostas and Van Geffen, Jacob and Dillig, Isil and Smaragdakis, Yannis},
 title = {Symbolic Reasoning for Automatic Signal Placement},
 booktitle = {Proceedings of the 39th ACM SIGPLAN Conference on Programming Language Design and Implementation},
 series = {PLDI 2018},
 year = {2018},
 isbn = {978-1-4503-5698-5},
 location = {Philadelphia, PA, USA},
 pages = {120--134},
 numpages = {15},
 url = {http://doi.acm.org/10.1145/3192366.3192395},
 doi = {10.1145/3192366.3192395},
 acmid = {3192395},
 publisher = {ACM},
 address = {New York, NY, USA},
 keywords = {Implicit signal monitors, abductive reasoning, concurrent programming, monitor invariant, symbolic reasoning, verification conditions},
}

@inproceedings{solar-lezama2006,
 author = {Solar-Lezama, Armando and Tancau, Liviu and Bodik, Rastislav and Seshia, Sanjit and Saraswat, Vijay},
 title = {Combinatorial Sketching for Finite Programs},
 booktitle = {Proceedings of the 12th International Conference on Architectural Support for Programming Languages and Operating Systems},
 series = {ASPLOS XII},
 year = {2006},
 isbn = {1-59593-451-0},
 location = {San Jose, California, USA},
 pages = {404--415},
 numpages = {12},
 url = {http://doi.acm.org/10.1145/1168857.1168907},
 doi = {10.1145/1168857.1168907},
 acmid = {1168907},
 publisher = {ACM},
 address = {New York, NY, USA},
 keywords = {SAT, sketching},
}

@inproceedings{torlak2014,
 author = {Torlak, Emina and Bodik, Rastislav},
 title = {A Lightweight Symbolic Virtual Machine for Solver-aided Host Languages},
 booktitle = {Proceedings of the 35th ACM SIGPLAN Conference on Programming Language Design and Implementation},
 series = {PLDI '14},
 year = {2014},
 isbn = {978-1-4503-2784-8},
 location = {Edinburgh, United Kingdom},
 pages = {530--541},
 numpages = {12},
 url = {http://doi.acm.org/10.1145/2594291.2594340},
 doi = {10.1145/2594291.2594340},
 acmid = {2594340},
 publisher = {ACM},
 address = {New York, NY, USA},
 keywords = {solver-aided languages, symbolic virtual machine},
}

@book{winksel1993,
  author = {Glynn Winksel},
  title = {The Formal Semantics of Programming Languages},
  publisher = {MIT Press},
  address = {Cambridge, Massachusetts},
  year = {1993}
  }

@book{huttel2010,
  author = {Hans Huttel},
  title = {Transitions and Trees},
  publisher = {Cambridge University Press},
  address = {New York, New York},
  year = {2010}
  }

@book{fernandez2004,
  author = {Maribel Fernandez},
  title = {Programming Languages and Operational Semantics},
  publisher = {King's College Publications},
  address = {London, England},
  year = {2004}
  }

